<record><leader>00000cas a2200000 a 4500</leader><controlfield tag="001">11961601</controlfield><controlfield tag="008">850425d19571966ndudn ne      0    0eng  </controlfield><datafield ind1=" " ind2=" " tag="010"><subfield code="a">sn 85042221 </subfield></datafield><datafield ind1=" " ind2=" " tag="040"><subfield code="a">DLC</subfield><subfield code="b">eng</subfield><subfield code="c">DLC</subfield><subfield code="d">NPW</subfield><subfield code="d">NSD</subfield><subfield code="d">MN#</subfield><subfield code="d">YOX</subfield><subfield code="d">CRL</subfield><subfield code="d">DLC</subfield><subfield code="d">OCLCQ</subfield><subfield code="d">OCLCO</subfield><subfield code="d">OCLCF</subfield></datafield><datafield ind1="1" ind2=" " tag="029"><subfield code="a">AU@</subfield><subfield code="b">000020379885</subfield></datafield><datafield ind1=" " ind2=" " tag="042"><subfield code="a">pcc</subfield></datafield><datafield ind1=" " ind2=" " tag="043"><subfield code="a">n-us-nd</subfield><subfield code="a">n-us-mn</subfield></datafield><datafield ind1="0" ind2="0" tag="050"><subfield code="a">Newspaper</subfield></datafield><datafield ind1="0" ind2="4" tag="245"><subfield code="a">The Fargo forum, daily republican, and Moorhead daily news.</subfield></datafield><datafield ind1="1" ind2="7" tag="246"><subfield code="a">Fargo forum and Moorhead daily news</subfield></datafield><datafield ind1=" " ind2=" " tag="250"><subfield code="a">Evening ed.</subfield></datafield><datafield ind1=" " ind2=" " tag="260"><subfield code="a">Fargo, N.D. :</subfield><subfield code="b">Forum Pub. Co.,</subfield><subfield code="c">1957-1966.</subfield></datafield><datafield ind1=" " ind2=" " tag="300"><subfield code="a">9 v. :</subfield><subfield code="b">ill.</subfield></datafield><datafield ind1=" " ind2=" " tag="310"><subfield code="a">Daily (except Saturday and Sunday),</subfield><subfield code="b">Oct. 1962-Mar. 1966</subfield></datafield><datafield ind1=" " ind2=" " tag="321"><subfield code="a">Daily (except Sunday),</subfield><subfield code="b">July 22, 1957-Sept. 1962</subfield></datafield><datafield ind1="0" ind2=" " tag="362"><subfield code="a">Vol. 79, no. 211 (July 22, 1957)-v. 88, no. 98 (Mar. 31, 1966).</subfield></datafield><datafield ind1=" " ind2=" " tag="500"><subfield code="a">The second "daily" in the title was no longer used after 1958.</subfield></datafield><datafield ind1=" " ind2=" " tag="500"><subfield code="a">Newspaper covered news from Moorhead, Minn., and was distributed jointly in both Fargo and Moorhead.</subfield></datafield><datafield ind1=" " ind2=" " tag="580"><subfield code="a">Morning and weekend ed.: The Fargo forum, daily tribune, and Moorhead daily news.</subfield></datafield><datafield ind1=" " ind2=" " tag="580"><subfield code="a">Merged with: The Fargo forum, daily tribune, and Moorhead daily news, to form: Forum (Fargo, N.D.).</subfield></datafield><datafield ind1=" " ind2="0" tag="651"><subfield code="a">Fargo (N.D.)</subfield><subfield code="v">Newspapers.</subfield></datafield><datafield ind1=" " ind2="0" tag="651"><subfield code="a">Moorhead (Minn.)</subfield><subfield code="v">Newspapers.</subfield></datafield><datafield ind1=" " ind2="7" tag="655"><subfield code="a">Newspapers.</subfield><subfield code="2">fast</subfield><subfield code="0">(OCoLC)fst01423814</subfield></datafield><datafield ind1=" " ind2="7" tag="651"><subfield code="a">Minnesota</subfield><subfield code="z">Moorhead.</subfield><subfield code="2">fast</subfield><subfield code="0">(OCoLC)fst01208413</subfield></datafield><datafield ind1=" " ind2="7" tag="651"><subfield code="a">North Dakota</subfield><subfield code="z">Fargo.</subfield><subfield code="2">fast</subfield><subfield code="0">(OCoLC)fst01211331</subfield></datafield><datafield ind1=" " ind2=" " tag="752"><subfield code="a">United States</subfield><subfield code="b">North Dakota</subfield><subfield code="c">Cass</subfield><subfield code="d">Fargo.</subfield></datafield><datafield ind1="1" ind2=" " tag="775"><subfield code="t">Fargo forum, daily tribune and Moorhead daily news</subfield><subfield code="w">(DLC)sn 86056953</subfield><subfield code="w">(OCoLC)15995778</subfield></datafield><datafield ind1="0" ind2="4" tag="780"><subfield code="t">Fargo forum and daily republican</subfield><subfield code="w">(DLC)sn 85042224</subfield><subfield code="w">(OCoLC)11963022</subfield></datafield><datafield ind1="0" ind2="4" tag="780"><subfield code="t">Moorhead daily news (Moorhead, Minn. : 1887)</subfield><subfield code="w">(DLC)sn 90057532</subfield><subfield code="w">(OCoLC)23116996</subfield></datafield><datafield ind1="1" ind2="7" tag="785"><subfield code="t">Fargo forum, daily tribune, and Moorhead daily news</subfield><subfield code="w">(DLC)sn 86056953</subfield><subfield code="w">(OCoLC)15995778</subfield></datafield><datafield ind1="1" ind2="7" tag="785"><subfield code="t">Forum (Fargo, N.D.)</subfield><subfield code="x">0895-1292</subfield><subfield code="w">(DLC)sn 83045615</subfield><subfield code="w">(OCoLC)9563116</subfield></datafield></record>